<mx:record xmlns="http://www.w3.org/TR/xhtml1/strict" xmlns:mx="http://www.loc.gov/MARC21/slim" xmlns:xsi="http://www.w3.org/2001/XMLSchema-instance"><mx:leader>00000nz   2200000n  0000</mx:leader><mx:controlfield tag="001">oca07348128 </mx:controlfield><mx:controlfield tag="005">20070307125548.0</mx:controlfield><mx:controlfield tag="008">070307n| acannaabn          |a aaa      </mx:controlfield><mx:datafield ind1=" " ind2=" " tag="010"><mx:subfield code="a">n 2007016203</mx:subfield></mx:datafield><mx:datafield ind1=" " ind2=" " tag="040"><mx:subfield code="a">DLC</mx:subfield><mx:subfield code="b">eng</mx:subfield><mx:subfield code="c">DLC</mx:subfield></mx:datafield><mx:datafield ind1="1" ind2=" " tag="100"><mx:subfield code="a">Maximus, Marius,</mx:subfield><mx:subfield code="d">ca. 165-ca. 230</mx:subfield></mx:datafield><mx:datafield ind1="1" ind2=" " tag="400"><mx:subfield code="a">Massimo, Mario,</mx:subfield><mx:subfield code="d">ca. 165-ca. 230</mx:subfield></mx:datafield><mx:datafield ind1="1" ind2=" " tag="400"><mx:subfield code="a">Maxiumus, Lucius Perpetuus Aurelianus Marius,</mx:subfield><mx:subfield code="d">ca. 165-ca. 230</mx:subfield></mx:datafield><mx:datafield ind1="1" ind2=" " tag="400"><mx:subfield code="a">Aurelianus, L. Marius Maximus Perpetuus,</mx:subfield><mx:subfield code="d">ca. 165-ca. 230</mx:subfield></mx:datafield><mx:datafield ind1=" " ind2=" " tag="670"><mx:subfield code="a">Mario Massimo, c2006:</mx:subfield><mx:subfield code="b">t.p. (Mario Massimo) p. 11 (author of Vitae Imperatorum) p. 13 (born ca. 165, died ca. 230)</mx:subfield></mx:datafield><mx:datafield ind1=" " ind2=" " tag="670"><mx:subfield code="a">Ox. classic. dict., 2003:</mx:subfield><mx:subfield code="b">p. 926 (Marius Maximus; biographer of 12 emperors from Nerva to Elagabalus; continuator and imitator of Suetonius; probably the Marius Maximus who governed Syria, Africa, and Asia; praefectus urbi in 217-18 and held second consulship in 223)</mx:subfield></mx:datafield><mx:datafield ind1=" " ind2=" " tag="670"><mx:subfield code="a">Cath. Encyc. WWW, Mar. 7, 2007:</mx:subfield><mx:subfield code="b">(Lucius Perpetuus Aurelianus Marius Maximus; ca. 165-230)</mx:subfield></mx:datafield><mx:datafield ind1=" " ind2=" " tag="670"><mx:subfield code="a">Brill&amp;#039;s New Pauly, 2006:</mx:subfield><mx:subfield code="b">v. 8, p. 367 (L. Marius Maximus Perpetuus Aurelianus)</mx:subfield></mx:datafield></mx:record>